

@article{Zhang.2009,
 author = {Zhang, Y. P. and Wu, B.},
 year = {2009},
 title = {Composition Relation between Gap Solitons and Bloch Waves in Nonlinear Periodic Systems},
 volume = {102},
 number = {9},
 issn = {0031-9007},
 journal = {Physical review letters}
}

@article{dymnikova2020regular,
title={Regular black holes and self-gravitating solitons with DE interiors},
author={Dymnikova, Irina},
journal={International Journal of Modern Physics A},
volume={35},
pages={2040053},
year={2020}}

@article{article,
author = {Kumar, V. and Suthar, B. and Nagar, A.K.},
year = {2019},
month = {08},
pages = {391-397},
title = {Stability of intersite dark solitons in a parametrically driven discrete nonlinear Schrödinger equation},
volume = {10},
journal = {Nanosystems: Physics, Chemistry, Mathematics},
doi = {10.17586/2220-8054-2019-10-4-391-397}
}

@article{2017Decay,
  title={Decay of phase-imprinted dark soliton in Bose-Einstein condensate at non-zero temperature},
  author={ Ohya, Hiroki  and  Watabe, Shohei  and  Nikuni, Tetsuro },
  journal={Journal of Low Temperature Physics},
  year={2017},
}

@inproceedings{mayteevarunyoo2020spatiotemporal,
  title={Spatiotemporal solitons and vortices in graded-index multimode lossy fibers},
  author={Mayteevarunyoo, Thawatchai and Malomed, Boris A and Skrybin, Dmitry V},
  booktitle={Fourth International Conference on Photonics Solutions (ICPS2019)},
  volume={11331},
  pages={113310W},
  year={2020},
  organization={International Society for Optics and Photonics}
}

@article{zhao2020generation,
  title={Generation and optimization of 2-mu m square-wave noise-like pulses in a modified figure-eight fiber laser},
  author={Zhao, Yiwu and Zhao, Desheng and Liu, Runmin and Ma, Wanzhuo and Wang, Tianshu},
  journal={Optical Engineering},
  volume={59},
  number={6},
  year={2020},
  publisher={SPIE-SOC PHOTO-OPTICAL INSTRUMENTATION ENGINEERS 1000 20TH ST, PO BOX 10~…}
}

@article{mariana2020latest,
  title={Latest advances in optical frequency combs based on quadratic non-linearity},
  author={Mariana, Barturen and Benjamin, Maglio and Alejandro, Costanzo Caso Pablo},
  journal={IET Optoelectronics},
  volume={14},
  number={3},
  pages={143--147},
  year={2020},
  publisher={IET}
}

@inproceedings{chen2020toward,
  title={Toward high peak power ultrashort pulses using normal dispersion thulium fiber in all-fiber amplifier and compressor},
  author={Chen, Yuhao and Chen, ShaoXiang and Liu, Kun and Raghuraman, Sidharthan and Wang, Qijie and Tang, Dingyuan and Yoo, Seongwoo},
  booktitle={Fiber Lasers XVII: Technology and Systems},
  volume={11260},
  pages={112600Z},
  year={2020},
  organization={International Society for Optics and Photonics}
}

@inproceedings{morin2020sub,
  title={Sub-150-fs all-fiber polarization maintaining tunable laser in the mid-infrared},
  author={Morin, P and Boivinet, S and Yehouessi, J-P and Berberian, T and Druon, F and Vidal, S and Machinet, G and Guichard, F and Zaouter, Y and Boullet, J},
  booktitle={Fiber Lasers XVII: Technology and Systems},
  volume={11260},
  pages={112601M},
  year={2020},
  organization={International Society for Optics and Photonics}
}

@article{kulakovskii2019coherence,
  title={Coherence Dynamics of the Exciton-Polariton System in GaAs Microcavities under Pulse Resonant Photoexcitation},
  author={Kulakovskii, VD and Demenev, AA},
  journal={Semiconductors},
  volume={53},
  number={10},
  pages={1308--1313},
  year={2019},
  publisher={Springer}
}

@article{ludu2019rotating,
  title={Rotating hollow patterns in fluids},
  author={Ludu, A and Raghavendra, A},
  journal={Applied Numerical Mathematics},
  volume={141},
  pages={167--184},
  year={2019},
  publisher={Elsevier}
}

@article{zhao2019evolution,
  title={The Evolution of Undular Bore in Coastal Zone: Effect of Bottom Slope, Friction and Special Topography},
  author={Zhao, Xi and Ren, Zhiyuan and Liu, Hua},
  journal={Journal of Earthquake and Tsunami},
  volume={13},
  number={05n06},
  pages={1941005},
  year={2019},
  publisher={World Scientific}
}



@article{li2020dissipative,
  title={Dissipative soliton operation of a diode-pumped Yb: KGW solid-state laser in the all-positive-dispersion regime},
  author={Li, Guangying and Lou, Rui and Wang, Xu and Sun, Zhe and Wang, Yishan and Xie, Xiaoping and Zhang, Guodong and Cheng, Guanghua},
  journal={Optical Engineering},
  volume={59},
  number={6},
  pages={066105},
  year={2020},
  publisher={International Society for Optics and Photonics}
}

@article{jandieri2020functional,
  title={Functional all-optical logic gates for true time-domain signal processing in nonlinear photonic crystal waveguides},
  author={Jandieri, Vakhtang and Khomeriki, Ramaz and Onoprishvili, Tornike and Werner, Douglas H and Berakdar, Jamal and Erni, Daniel},
  journal={Optics Express},
  volume={28},
  number={12},
  pages={18317--18331},
  year={2020},
  publisher={Optical Society of America}
}

@article{article_step,
	author = {Kumar, V. and Suthar, B. and Nagar, A.K.},
	year = {2019},
	month = {06},
	pages = {273-281},
	title = {A theoretical study of the propagation of light soliton produced by semiconductor quantum dots through optical fibers},
	volume = {10},
	journal = {Nanosystems: Physics, Chemistry, Mathematics},
	doi = {10.17586/2220-8054-2019-10-3-273-281}
}

@article{Umbetova_2019,
	doi = {10.1088/1742-6596/1391/1/012034},
	url = {},
	year = 2019,
	month = {nov},
	publisher = {{IOP} Publishing},
	volume = {1391},
	pages = {012034},
	author = {Zhanbala Umbetova and Kuralay Yesmakhanova and Tolkynay Myrzakul},
	title = {Soliton surfaces associated with the (1+1)-dimensional Yajima-Oikawa equation},
	journal = {Journal of Physics: Conference Series},
	
}

@article{zhao2019the,
title={The Evolution of Undular Bore in Coastal Zone: Effect of Bottom Slope, Friction and Special Topography},
author={Zhao, Xi and Ren, Zhiyuan and Liu, Hua},
journal={Journal of Earthquake and Tsunami},
volume={13},
pages={1941005},
year={2019}}

@article{article_stable,
author = {Pelinovsky, Dmitry and Kevrekidis, P},
year = {2008},
month = {04},
pages = {185206},
title = {Stability of discrete dark solitons in nonlinear Schrödinger lattices},
volume = {41},
journal = {Journal of Physics A: Mathematical and Theoretical},
doi = {10.1088/1751-8113/41/18/185206}
}

@article{stepanyants2020nonlinear,
title={Nonlinear Waves in a Rotating Ocean (The Ostrovsky Equation and Its Generalizations and Applications)},
author={Stepanyants, Y A},
journal={Izvestiya Atmospheric and Oceanic Physics},
volume={56},
number={1},
pages={16--32},
year={2020}}

@article{soliton_russion,
title={РЕГИСТРАЦИЯ КОСЯКОВ РЫБ, ПРИВЛЕКАЕМЫХ СОЛИТОНАМИ ИНТЕНСИВНЫХ ВНУТРЕННИХ ВОЛН},
author={Dymnikova, Irina},
journal={10.31857/S2686739720060031},
volume={},
pages={},
year={2020}}

@article{soliton_russion2,
title={РЕГИСТРАЦИЯ КОСЯКОВ РЫБ, ПРИВЛЕКАЕМЫХ СОЛИТОНАМИ ИНТЕНСИВНЫХ ВНУТРЕННИХ ВОЛН},
author={俄罗斯},
journal={doi:10.4213/tmf9734},
volume={},
pages={},
year={2020}}

@inproceedings{2020Exact,
  title={Exact traveling wave solutions of diffusive predator prey system using the first integral method},
  author={ Poonia, Mahima  and  Singh, K. },
  booktitle={ADVANCEMENTS IN MATHEMATICS AND ITS EMERGING AREAS},
  year={2020},
}

@articleInfo{1937-1632_2020_8_2285,
title = {Polarization dynamics in a resonant optical medium with initial coherence between degenerate states},
journal = {Discrete & Continuous Dynamical Systems - S},
volume = {13},
number = {1937-1632_2020_8_2285},
pages = {2285},
year = {2020},
note = {},
issn = {1937-1632},
doi = {10.3934/dcdss.2020189},
url = {http://aimsciences.org//article/id/dc64e394-f6f3-4a2f-b37f-0c434c72f560},
author = {Katherine A. Newhall,Gregor Kovačič,Ildar Gabitov},
keywords = {Maxwell-Bloch equations,dressing method,solitons,polarization switching}}

@inproceedings{inproceedings,
author = {Devi, Preeti and Singh, Karanjeet},
year = {2020},
month = {03},
pages = {020030},
title = {Exact traveling wave solutions of the (2+1)-dimensional Boiti-Leon-Pempinelli system using (G′G2) expansion method},
volume = {2214},
journal = {AIP Conference Proceedings},
doi = {10.1063/5.0003694}
}